4584 6767
514 1261 582 1350 DE
608 1260 909 1347 GLhNDULls
943 1258 1256 1347 PER-ALVUM
1281 1259 1520 1399 illiJEcTis.
1604 1279 1703 1375 7¹9

396 1470 565 1550 Francus
580 1460 628 1543 de
641 1457 857 1543 Frarrltenau
868 1468 1020 1540 Milic.
1030 1471 1114 1545 Dec.
1124 1468 1188 1540 111.
1199 1454 1358 1554 aaa&
1366 1456 1488 1563 dobfi
1490 1483 1563 1554 177·
1571 1478 1612 1565 p.
1622 1484 1703 1553 409.
1843 1494 1848 1503 ·

383 1584 470 1695 seq.
499 1586 689 1684 integram
705 1573 807 1658 illam
823 1578 994 1658 tunicam
1008 1602 1087 1687 qvae
1099 1577 1324 1661 intestinum
1335 1572 1487 1661 redium
1506 1578 1610 1657 intus
1629 1572 1703 1657 ob-

394 1693 511 1799 velat,
523 1697 620 1777 intra
635 1689 785 1776 odiidui
798 1689 1033 1774 curriculum
1052 1718 1122 1800 per
1133 1688 1317 1776 inferiora
1337 1696 1390 1777 ita
1406 1694 1576 1776 excrevit
1593 1688 1707 1776 chri·

395 1815 538 1900 ilianus
551 1806 770 1912 Helmerus,
783 1833 826 1891 ut
838 1806 899 1891 illa
912 1834 992 1890 non
1002 1805 1204 1893 confestim
1220 1813 1261 1891 in
1268 1808 1411 1918 pelvim
1419 1806 1706 1919 propelleretur,
1861 1904 1866 1915 ¹

395 1930 463 2015 sed
474 1921 774 2034 firnnter'podici
786 1924 1036 2008 adhaerescens
1046 1946 1130 2008 ante
1141 1922 1321 2009 exadltrm
1332 1922 1497 2009 biduum
1511 1925 1600 2008 inde
1608 1950 1705 2009 coa·
1800 1986 1806 1991 -

397 2039 767 2151 venienterseparari
779 2044 962 2155 nequiret.
990 2070 1026 2126 v.
1034 2039 1160 2130 Nicob
1170 2041 1289 2153 Tulp.
1305 2038 1384 2155 obſs
1398 2039 1706 2158 med.Lib.3.eap.
1725 2128 1729 2133 ,

393 2161 708 2274 mannase·
1008 2276 1031 2386 §
1073 2271 1106 2362 6
1716 2154 1756 2269 *l

502 2392 633 2478 Solent
658 2394 774 2475 ctiam
792 2387 860 2473 alia
883 2389 1199 2498 praeternaturalia
1217 2416 1287 2500 per
1307 2388 1438 2478 alvum
1458 2395 1612 2479 excerni
1625 2378 1925 2509 qaaedltt't'rltfis-

394 2535 674 2623 nonuunqvam
692 2508 776 2593 satis
792 2508 858 2592 diu
878 2510 919 2588 in
935 2511 1112 2616 Corpore
1127 2505 1272 2598 latudre
1297 2538 1333 2593 v.
1347 2536 1385 2618 g.
1409 2508 1721 2622 Glandisplum-
1779 2479 1840 2547 lex
1940 2530 1946 2539 '

396 2626 481 2713 bec
495 2625 716 2735 exemplum
733 2621 901 2707 recenset
921 2621 1146 2710 Ambrofius
1157 2632 1301 2712 Paratus
1317 2623 1397 2712 aab.
1414 2652 1476 2725 ²4·
1490 2648 1567 2737 cap.
1579 2626 1708 2739 ansol·

347 2806 366 2833 e
390 2757 537 2841 usar.
554 2741 696 2827 scilicet
710 2738 822 2825 Miles
835 2741 992 2852 qvidam
1005 2740 1144 2826 vulnus
1160 2747 1201 2825 in
1221 2767 1352 2831 ventre
1374 2748 1533 2853 accipit,
1548 2770 1705 2829 manua·
1876 2764 1883 2775 “

391 2858 460 2949 ria
478 2855 674 2944 tormentd
691 2854 908 2960 indicium,
932 2861 1034 2942 inter
1053 2858 1283 2944 umbilicum
1297 2854 1439 2963 bailia,
1468 2854 1588 2973 &qu
1601 2858 1708 2968 glans
1866 2934 1870 2947 ,
1895 2848 1952 2939 i*

391 2970 570 3085 'iledulb
592 2971 859 3082 vestigantibus
879 2972 1079 3082 Chirurgis
1102 2981 1260 3087 reperiri
1278 3004 1349 3059 nec
1363 2976 1509 3060 extrahi
1536 3000 1708 3085 potetate
1844 2994 1849 3003 ’

402 3092 482 3207 qvi
492 3094 539 3177 de
551 3089 664 3176 cauli
675 3088 901 3200 ,vulneratus
916 3091 1094 3197 gravibus
1109 3093 1150 3175 &
1164 3090 1383 3178 torminosrs
1399 3090 1597 3177 doloribus
1611 3122 1708 3179 con·

399 3206 567 3301 flidlatus
581 3210 660 3315 est,
684 3209 808 3292 donec
831 3203 941 3309 nond
954 3209 1114 3292 demum
1127 3205 1362 3317 poavulnus
1377 3209 1439 3291 die
1452 3207 1708 3319 glandem'per
1802 3222 1817 3235 “’

348 3322 521 3441 :mum
547 3328 744 3435 excrevita
769 3346 880 3434 atqve
909 3322 1049 3407 dehinc
1073 3329 1169 3408 intra
1196 3349 1274 3408 ttes
1298 3322 1561 3408 hebdomadas
1595 3322 1706 3433 plane
1790 3374 1794 3381 ·

382 3439 610 3531 convaluit.
663 3446 707 3523 ln
731 3436 931 3525 obfidionc
947 3436 1211 3525 Naschovianal
1232 3437 1438 3551 plumbeus
1466 3438 1643 3549 globulus
1658 3442 1726 3547 2vi'

399 3562 562 3664 maioris
593 3553 811 3642 bombardae
834 3558 893 3639 Os
917 3559 1114 3658 cujusdam
1136 3557 1267 3641 militis
1291 3555 1464 3644 officialis
1488 3558 1709 3665 ingrediens

403 3673 655 3784 lingvamsud
673 3679 822 3780 impetu
837 3671 1037 3778 tangebat,
1058 3674 1335 3778 contrahebat,
1368 3674 1505 3757 seriem
1532 3674 1705 3758 dentium

409 3791 595 3877 inferioris
611 3787 765 3874 maxilla
778 3788 1010 3890 destruebat,
1026 3817 1168 3904 perqve
1191 3792 1322 3900 gulam
1339 3789 1537 3896 decussus,
1554 3793 1706 3896 interje-

413 3904 477 3993 llis
489 3914 653 4022 qvinqve
665 3909 815 3990 dierum
831 3905 1053 4009 intervallis,
1077 3901 1268 4001 beneficib
1282 3907 1435 3991 lenioris
1451 3910 1705 3992 medicamen·

355 4118 357 4123 Ι
411 4026 524 4133 tiper
542 4027 668 4110 alvum
691 4019 934 4126 dejiciebatur
948 4084 960 4126 ,
974 4024 1051 4104 vid.
1066 4025 1216 4110 Thom.
1239 4023 1704 4127 Bartholin.Histor.anat.

370 4156 375 4161 ·
412 4145 513 4224 aar.
529 4156 559 4224 6.
575 4140 731 4247 Histmi.
752 4163 788 4246 p.
805 4149 942 4235 m.376.
978 4146 1094 4224 Anno
1109 4141 1240 4240 1682.
1260 4141 1383 4224 homo
1414 4142 1525 4224 sortis
1551 4142 1703 4224 medio·

351 4258 503 4371 garis,
516 4261 715 4369 p'ollqvam
731 4256 861 4342 Paduat
883 4252 980 4337 bene
996 4255 1184 4361 jemallet,
1209 4285 1273 4341 rue
1294 4259 1479 4351 tetendita
1496 4254 1628 4341 media
1642 4260 1706 4340 iti·

353 4372 500 4465 {altere
521 4403 569 4457 ex
585 4372 724 4457 instdiis
747 4366 1003 4455 bombarduli
1018 4377 1215 4480 impetitur
1231 4438 1243 4478 ‚
1271 4375 1310 4456 dc
1326 4374 1463 4481 globus
1479 4400 1558 4459 non
1571 4371 1707 4482 procul

347 4524 353 4603 3
382 4466 407 4525 ·’
416 4476 457 4563 'lb
477 4485 660 4577 umbilici)
676 4488 867 4573 abdomen
886 4512 1079 4595 penetrat,
1096 4519 1177 4575 non
1190 4518 1319 4577 autem
1342 4489 1497 4582 tranfita
1523 4492 1709 4575 sauciatus

347 4636 372 4679 ε
414 4590 699 4713 ᾒῢὴίωῑςυηι
714 4604 896 4709 defertur,
911 4611 974 4715 qvi
987 4605 1124 4690 vulnus
1137 4607 1229 4711 stylo
1242 4606 1433 4715 explorat,
1460 4606 1565 4713 globi
1580 4631 1711 4689 autem

362 4772 386 4803 s
420 4712 511 4804 bulla
528 4722 638 4807 sentit
660 4725 812 4827 vestigia
830 4747 843 4814 3
869 4722 1026 4805 vulnere
1042 4722 1207 4831 deligat&
1224 4731 1430 4832 patientem
1447 4728 1562 4835 quieti
1574 4720 1610 4804 δὲ
1624 4725 1709 4803 dia·

421 4850 465 4921 li
483 4844 691 4924 committit.
750 4844 824 4922 Die
842 4838 982 4923 abhinc
996 4839 1111 4925 tertie
1134 4846 1309 4926 infirmus
1331 4842 1518 4925 adsedem
1540 4844 1707 4946 cogitur,

347 5002 354 5029 ε
426 4940 647 5070 globumque
673 4951 746 5036 una
763 4984 855 5037 cum
880 4963 1131 5041 excrementis
1153 4965 1294 5065 egerit,
1325 4986 1368 5041 ac
1390 4956 1497 5039 brevi
1512 4958 1598 5038 dein
1615 4982 1709 5038 cotr-

348 5140 352 5149 -
425 5062 568 5163 vilescit.
623 5080 668 5160 ln
681 5071 881 5180 congressu
895 5074 1064 5182 medica,
1077 5082 1205 5165 Roma
1218 5077 1317 5186 apud
1326 5066 1574 5163 Brallavolam
1592 5071 1709 5155 habe-

389 5186 425 5199 “’
1602 5194 1633 5272 ri
1650 5189 1709 5272 lo·
