4584 6767
505 1174 514 1183 ··
581 1250 670 1355 582
1035 1148 1248 1323 Cdst'l'
1269 1234 1373 1319 VIII.

577 1447 759 1535 coecum,
782 1430 885 1543 qvod
904 1425 988 1511 aliis
1000 1428 1174 1511 dexnum
1194 1422 1291 1511 latus
1304 1428 1342 1510 dt
1356 1430 1544 1513 exteriora
1563 1410 1745 1542 respicere
1760 1436 1878 1521 solet:

572 1551 638 1638 hic
651 1548 854 1633 introrsum
872 1551 1058 1629 reflexum
1077 1567 1257 1625 truncum
1273 1552 1385 1627 Vena
1398 1550 1505 1629 Cava
1518 1546 1878 1635 descendentem:

572 1674 681 1775 tigit,
710 1688 820 1775 atqve
833 1688 913 1744 non
927 1690 974 1745 ex
990 1658 1121 1743 dextri
1134 1660 1221 1743 Coli
1232 1652 1410 1770 principii
1422 1685 1540 1770 parte,
1550 1666 1616 1749 sed
1627 1660 1878 1771 sinislriOn:

574 1790 706 1893 ginenr
718 1776 894 1886 sumpsit,
923 1779 1025 1889 qvod
1040 1781 1207 1860 etiam-ln
1221 1774 1388 1893 Canibus
1402 1778 1487 1861 lieri
1506 1778 1613 1865 solet.
1702 1788 1710 1797 '
1769 1810 1774 1819 ·

1165 1958 1174 1976 .
1211 1920 1286 2000 42.
1467 1976 1474 1985 ,

342 2038 407 2093 ou
426 2023 462 2091 o*
474 2020 560 2105 pun
680 2016 788 2097 Idem
803 2014 918 2092 etiam
935 2009 983 2090 de
997 1896 1213 2116 pluralitlttess
1227 2014 1394 2095 intestini
1406 2017 1503 2097 eoeci
1516 2011 1651 2099 locum
1665 2010 1793 2115 habet,
1810 2004 1878 2095 Ιί-

392 2132 472 2173 ““·
574 2130 728 2243 quidem
747 2124 908 2235 duplicia
922 2125 1004 2207 talia
1024 2130 1195 2211 Intestina
1208 2130 1430 2240 quandoque
1442 2133 1482 2213 in
1494 2129 1670 2235 homine,
1680 2128 1878 2241 szprffinc

450 2320 454 2327 .
577 2250 758 2331 tamenin
780 2242 923 2341 brutis,
944 2246 1101 2349 reperiri
1122 2245 1232 2351 supra
1250 2248 1283 2353 §-
1302 2256 1354 2325 26.
1367 2247 1533 2329 diximus
1551 2274 1565 2338 3
1592 2248 1778 2355 Imprimis
1792 2268 1870 2325 au-

445 2456 447 2463 ,
553 2387 657 2446 tem
671 2368 711 2443 in
725 2357 869 2443 Avibus
883 2382 1103 2453 occurrunt.
1156 2364 1261 2443 Cum
1276 2363 1379 2442 enirn
1393 2365 1528 2445 Simon
1539 2358 1784 2445 Paulilln16
1809 2350 1855 2437 6.

573 2486 719 2560 Gruem
748 2474 802 2559 ob
820 2476 950 2584 asperae
968 2482 1107 2557 arteria
1133 2473 1354 2582 singularem
1378 2480 1417 2559 dt
1433 2478 1692 2561 admirandam
1710 2384 1878 2561 uuile-¹

572 2622 655 2677 ram
669 2596 797 2674 rimari
809 2588 1096 2675 clementissrmd
1110 2590 1229 2698 Regid
1243 2588 1426 2679 Mandatd
1438 2592 1652 2697 juberetur,
1671 2598 1713 2678 in
1726 2582 1841 2675 edon
1874 2646 1878 2693 ᾗ

573 2739 694 2793 umtnr
710 2710 772 2791 sed
788 2710 866 2789 duo
884 2710 1054 2789 Intellina
1074 2734 1202 2809 coeea,
1229 2707 1367 2815 singula
1392 2710 1673 2815 longitudinem
1688 2708 1840 2821 quadru-

570 2833 619 2910 tis
642 2826 750 2910 Ulna
765 2823 982 2905 Seelandicae
1000 2851 1091 2906 cum
1104 2826 1269 2907 'dimidio
1290 2826 1497 2934 superantia
1522 2830 1680 2907 invenit.
1688 2822 1855 2922 neser,

571 2942 675 3028 Pauli
698 2939 956 3049 Qadrt'part.
975 2946 1138 3020 Botanic.
1154 2938 1262 3045 Claffi
1273 2952 1319 3025 11.
1328 2964 1367 3049 p.
1383 2956 1435 3033 85.
1467 2937 1544 3052 qu)
1564 2938 1658 3023 locs>
1686 2944 1856 3057 etiam-,II

572 3052 865 3143 Piceolh'omind
880 3050 1018 3157 refert,
1045 3059 1090 3136 iis
1113 3054 1355 3159 animalibus,
1377 3084 1455 3171 qva
1477 3057 1689 3141 admodum
1714 3046 1834 3143 iorni·

572 3177 679 3276 sunt,
693 3171 831 3280 duplex
844 3196 997 3253 coecum
1017 3169 1088 3251 esse
1104 3170 1331 3263 concellum.
1359 3176 1471 3271 Juxta
1486 3180 1582 3255 Dan.
1600 3178 1833 3275 Tauvrym·

576 3315 663 3373 tem.
682 3302 779 3369 Part.
791 3292 822 3369 I.
840 3310 914 3392 cap.
924 3317 955 3369 2.
965 3309 1000 3394 p.
1009 3313 1060 3381 39.
1080 3288 1250 3369 Struthio
1263 3284 1349 3369 bina
1364 3286 1479 3371 habet
1502 3290 1677 3373 intestina
1698 3274 1832 3369 emcrle

579 3435 679 3515 gnra
699 3404 858 3513 spiralis,
879 3429 922 3483 ac
946 3407 1110 3484 maxima
1137 3429 1222 3508 pars
1245 3402 1455 3515 volatilium
1472 3403 1559 3487 bina
1585 3402 1737 3513 insignia
1748 3388 1847 3511 1)οῇΙΙΙ

579 3527 654 3606 det.
710 3530 752 3601 In
769 3518 908 3628 Aqvila-
916 3520 1134 3599 intestinum
1164 3532 1315 3601 coecum
1337 3518 1476 3627 duplex
1499 3520 1546 3618 ab
1570 3544 1735 3631 utroqve
1751 3516 1840 3599 laer

578 3642 741 3721 Intellini
764 3663 906 3732 unum,
929 3634 991 3714 sed
1007 3636 1246 3715 minutum&
1263 3640 1326 3715 vix
1346 3638 1508 3740 digitum
1525 3631 1834 3718 transversunrloss·

576 3756 745 3861 gitudine
761 3750 903 3860 aequans
914 3753 1050 3854 repetit
1064 3750 1240 3833 Thomas
1251 3753 1485 3833 Bartholmus
1499 3756 1577 3832 vid.
1588 3753 1665 3831 Aa.
1677 3730 1839 3859 trifulcis

576 3874 647 3951 Vol.
660 3873 691 3948 Ι.
707 3866 786 3971 obſs
791 3897 821 3946 2.
829 3889 866 3970 p.
876 3881 906 3952 8.
965 3873 1024 3946 De
1038 3871 1160 3969 Cygni
1175 3870 1355 3947 intestinis
1378 3873 1426 3949 ita
1441 3868 1568 3953 scribit
1590 3864 1833 3949 idetnBartlro·
1874 3879 1878 3959 ζ

577 3986 673 4065 linus
691 3987 735 4060 Di
765 4004 835 4060 art.
849 3983 891 4058 de
902 3989 1014 4088 Cygni
1029 3994 1197 4061 Anatim.
1216 3987 1318 4089 Μ.
1329 4007 1363 4087 p.
1376 4013 1422 4063 m.
1430 4010 1478 4076 35·
1481 3988 1543 4093 sq.
1573 3974 1836 4066 Intestirravalde
1874 4061 1878 4095 Ι

577 4101 690 4203 longa
705 4099 808 4197 stult,
824 4097 861 4177 u
879 4093 1024 4197 mults),
1053 4102 1168 4177 etiam
1183 4096 1357 4202 pollicem
1376 4098 1490 4180 erario
1504 4102 1635 4205 adipe,
1663 4104 1726 4209 qvi
1738 4103 1838 4179 vicem
1872 4102 1878 4199 j

575 4219 722 4296 omenti
738 4213 839 4313 obit,
855 4211 1002 4293 inteela.
1058 4218 1149 4323 Qua
1177 4206 1268 4292 clun
1286 4214 1413 4295 multis
1432 4211 1661 4296 ansraslibus
1691 4208 1841 4321 uutgyrii
1871 4236 1878 4316 ,³

573 4331 672 4411 haud
688 4327 755 4409 fint
772 4333 962 4429 intricata,
986 4328 1046 4407 sed
1063 4326 1219 4432 limpliei
1236 4324 1382 4408 rantum
1401 4327 1523 4409 medi-d
1539 4328 1633 4435 spiri
1649 4334 1691 4410 in
1704 4330 1743 4413 se
1754 4350 1844 4412 revo·
1862 4320 1878 4415 l

574 4447 715 4527 lotione
732 4448 891 4542 reflexa,
917 4443 1008 4522 huie
1032 4441 1132 4522 malo
1159 4442 1289 4524 volens
1306 4445 1451 4524 mederi
1473 4450 1634 4544 Natura,
1657 4473 1764 4529 coeca
1785 4446 1878 4563 duo-j

572 4566 669 4640 inter
687 4584 801 4639 anunr
822 4560 859 4636 ἃ
883 4553 1050 4662 ipsorum
1079 4561 1231 4638 initium
1255 4557 1452 4657 interjeelo
1475 4549 1581 4640 redlo
1605 4560 1857 4671 Intestindap·

571 4676 712 4781 pendit,
741 4700 817 4782 qva
832 4670 1066 4752 nrrsradluunr
1080 4676 1342 4753 intestinorum
1357 4670 1551 4755 del'estum
1566 4678 1863 4783 compensarent

572 4799 614 4871 In
628 4784 820 4870 Columbst
837 4785 974 4891 duplex
992 4789 1208 4867 Intellinum
1224 4816 1396 4888 coecum,
1422 4788 1484 4868 sed
1498 4814 1582 4867 rara
1594 4786 1746 4873 lubrica
1773 4797 1866 4879 vidit

573 4902 690 4984 Olaus
706 4902 934 4981 Borriehius,
950 4902 1028 4982 vid.
1047 4901 1124 4981 Adi,
1139 4903 1253 5006 Hafa.
1271 4908 1339 4982 Vol.
1351 4914 1377 4981 1.
1395 4900 1535 5006 obstan.
1547 4907 1754 5014 p3157.seq,
1773 4913 1866 4995 item

571 5023 611 5100 in
624 5015 795 5119 Ciconil,
808 5015 938 5096 ibidem
952 5014 1237 5123 Vol‚1'.0bſs94.
1252 5039 1289 5125 p.
1300 5032 1384 5111 248.
1440 5023 1483 5097 In
1498 5014 1652 5100 Gallinis
1664 5031 1866 5126 geminum

1765 5146 1865 5223 Inte·
