4584 6767
686 1313 690 1320 -
742 1222 812 1340 ot
838 1206 1199 1339 excursitans
1220 1190 1457 1385 aruns
1639 1221 1730 1358 613

442 1380 1724 1419 ...............................,.........-....

422 1466 484 1530 tur
499 1442 668 1531 irtferius
680 1467 936 1553 prorumpens
969 1469 1039 1550 per
1058 1438 1255 1527 flammam
1272 1442 1430 1529 candelae
1445 1442 1732 1545 transmittitur,

419 1560 690 1646 transvolando
704 1553 835 1644 reverti
848 1561 1079 1662 accenditur,
1087 1562 1355 1673 flammamque
1369 1558 1501 1644 diversa
1520 1560 1663 1643 coloris
1682 1556 1732 1640 acl
1798 1662 1801 1667 Ι

418 1682 536 1762 instar
549 1678 659 1761 iridis
671 1680 862 1790 exprimit.
915 1678 1033 1790 Qvod
1050 1677 1253 1759 eonfimtat
1276 1683 1391 1761 etiam
1412 1675 1587 1779 historia,
1614 1700 1729 1786 qvam

417 1795 619 1905 Philippus
640 1791 806 1893 Jacobus
827 1792 942 1877 Sachs
965 1792 1260 1877 iLeebenheim
1285 1805 1336 1875 Μ.
1355 1806 1399 1875 Ν.
1417 1796 1456 1878 C.
1476 1805 1559 1874 Dec.
1570 1794 1603 1874 1.
1620 1804 1687 1875 An.
1701 1814 1731 1873 r.

417 1912 502 2019 obſs
509 1937 571 2008 77.
585 1910 814 2016 semipane.
832 1938 881 1992 ex
896 1906 1032 1994 Licet&
1047 1911 1219 1994 adducit:
1236 1903 1495 1994 Cuntscilicet
1513 1908 1728 2015 Chirurgus
1784 1972 1787 1977 .
1913 1952 1916 1960 ·

418 2029 600 2112 candenti
618 2023 729 2110 ferrei
741 2026 1010 2129 excrescentias
1029 2053 1180 2110 carneas
1194 2027 1420 2139 adolescenti
1440 2024 1616 2110 succubo
1628 2029 1729 2108 eirca
1789 2030 1792 2040 '

417 2156 527 2231 uates
544 2148 724 2247 inureret,
734 2147 844 2228 flatus
857 2171 905 2227 ex
919 2139 993 2227 anti
1007 2147 1046 2224 in
1061 2141 1209 2226 fertum
1222 2148 1389 2251 ignitum
1403 2145 1728 2252 erumpens‘flam·

415 2287 528 2347 mam
544 2284 701 2368 repente
719 2257 920 2367 concepit,
941 2287 1022 2343 non
1039 2257 1114 2344 sine
1124 2261 1347 2344 adstantium
1364 2261 1453 2344 risu
1475 2267 1536 2343 De
1552 2259 1732 2362 homine,
1885 2369 1888 2373 Ι

414 2383 532 2482 eujus
546 2401 787 2459 excrementa
804 2374 925 2458 alvina
945 2371 1042 2459 adeo
1058 2374 1180 2460 ¹calida
1205 2374 1361 2460 fuerunt
1383 2379 1422 2459 δι
1435 2380 1607 2486 pinguia,
1640 2371 1726 2458 ute

413 2491 582 2583 fenestra
602 2490 775 2601 projesta
788 2496 985 2576 flammam
998 2497 1267 2601 conceperint,
1291 2494 1368 2577 vid.
1380 2492 1507 2577 Nicol.
1520 2491 1731 2600 Blegn.zt-

413 2608 656 2694 diaeraeda.
672 2611 1213 2716 Galic.An.1V.MenſsMart.
1228 2632 1380 2718 p.m.95.
1397 2609 1464 2693 ubi
1480 2614 1594 2692 etiarn
1616 2610 1726 2691 flam·

413 2756 488 2813 mat
516 2730 560 2810 in
575 2722 708 2808 latrini
727 2729 894 2808 excitata
919 2728 1108 2809 meminit.
1175 2724 1298 2843 Qale
1320 2730 1436 2812 etiam
1458 2724 1574 2809 refert
1590 2721 1728 2808 Daniel
1864 2740 1867 2745 ’
1919 2770 1922 2774 -

413 2853 624 2943 Smmertus
638 2839 683 2921 de
700 2841 1030 2951 chymic.consenfi
1040 2865 1115 2952 cap.
1124 2865 1165 2925 m
1170 2866 1207 2951 p.
1217 2871 1267 2925 m.
1275 2861 1340 2937 σε.
1358 2847 1534 2947 Memini,
1543 2846 1728 2954 inquiens,
1861 2908 1883 2919 .-

417 2957 486 3045 laic
500 2965 543 3043 in
556 2955 700 3042 Cloaei
714 2957 780 3040 seu
794 2957 1021 3063 Anguillam,
1035 2959 1101 3042 seu
1122 2958 1223 3043 aliud
1238 2961 1328 3072 qvid
1343 2961 1506 3062 latitare,
1532 2959 1637 3071 qvod
1663 2984 1726 3042 ca·

423 3071 609 3159 marinam
623 3073 725 3156 illam
749 3076 976 3185 qvandoqve
998 3080 1050 3159 ita
1066 3074 1360 3181 commovebat,
1388 3102 1432 3159 ut
1447 3074 1649 3185 loetorptr
1664 3099 1735 3159 to-

426 3192 685 3277 tamtlomum
700 3188 880 3290 molestus
905 3190 1006 3273 ellet.
1070 3187 1173 3276 Ciam
1198 3219 1295 3299 ergo
1317 3191 1472 3276 candelti
1493 3189 1645 3276 aceenll
1660 3195 1726 3276 de·

424 3305 741 3417 milluplorare
755 3305 904 3409 vellent,
926 3307 1107 3418 qvidnam
1124 3311 1164 3392 id
1178 3313 1233 3390 rei
1243 3306 1343 3412 effet,
1357 3303 1579 3393 subitbrota
1589 3309 1729 3393 Cloaca
1810 3400 1815 3405 ,
1877 3400 1882 3407 .

422 3429 620 3512 flammam
634 3428 840 3531 concipere
854 3424 930 3504 visa
954 3426 1020 3506 est.
1072 3418 1165 3540 Qiae
1187 3450 1251 3507 ros
1272 3423 1540 3509 etfi‘adtiantes
1559 3452 1638 3508 non
1660 3448 1730 3533 pa·

426 3535 512 3627 rum
544 3543 827 3640 consterneret,
868 3534 998 3623 subito
1028 3563 1156 3622 tamen
1197 3543 1336 3622 iterum
1375 3545 1526 3624 flamma
1562 3545 1747 3623 evanuit·

432 3660 540 3770 Qrod
555 3659 693 3740 aeeidit
708 3655 842 3762 procul
856 3647 978 3736 dubio
998 3655 1205 3762 vaporibus
1217 3656 1286 3738 illis
1302 3657 1514 3766 sulphureis
1532 3653 1727 3739 inCloaeti

403 3852 406 3861 .
439 3774 562 3876 agitati
574 3772 749 3857 accenfis
802 3775 862 3854 Ad
876 3773 1360 3880 quamtamenCloaearum
1376 3772 1632 3856 accensionem
1647 3801 1728 3853 non

445 3888 774 3997 modbsulphureas
792 3892 965 3971 stercoris
983 3887 1139 3970 humani
1152 3889 1728 3998 exhalationes,sedUr·inaqvo·
1804 3938 1812 3961 s
1839 3888 1850 3913 “’

420 4034 422 4040 ·
450 4024 504 4105 qve
520 4005 566 4088 sal
583 4006 735 4088 volatile
748 4005 957 4086 resolutum
984 4005 1046 4086 seu
1074 4011 1255 4112 Spiritum
1272 4006 1333 4087 sua
1350 4005 1545 4106 conferre,
1564 4004 1726 4090 dubium

454 4118 524 4200 nihi
537 4151 617 4205 non·
630 4125 692 4205 est.
745 4117 865 4206 Porro
878 4122 1157 4203 Medicamenta
1176 4149 1232 4203 cax
1247 4122 1482 4210 stereoribus
1501 4147 1625 4228 parata
1645 4151 1727 4208 non

407 4287 416 4303 .
455 4225 549 4320 ialin
565 4264 724 4347 propter
738 4238 816 4337 Sal,
844 4238 907 4318 sed
924 4243 1040 4319 etiam
1057 4244 1280 4344 cumprimis
1295 4264 1452 4345 propter
1475 4236 1619 4345 copioli
1643 4240 1728 4322 Sul·

399 4340 410 4357 ⁸
456 4344 579 4459 plutis,
606 4353 688 4466 qvti
705 4353 914 4454 abundant,
942 4354 1310 4460 penetrabiliffintam
1329 4356 1534 4437 efficaciam
1549 4356 1730 4439 aestiman-

453 4463 582 4575 laelle,
609 4475 736 4554 statuit
752 4472 979 4553 Christianus
996 4476 1161 4574 langius
1178 4471 1353 4581 Patholog.
1368 4475 1521 4555 animal.
1537 4492 1671 4552 Annae.
1683 4480 1728 4552 in

444 4608 556 4693 rapat.
574 4592 647 4698 §.a
660 4610 698 4695 p.
712 4614 843 4681 rte-527·
872 4594 932 4667 De
945 4613 1276 4669 excrementorum
1289 4587 1477 4694 paniculis
1492 4587 1636 4669 nitrosis
1653 4586 1726 4670 sul·

436 4703 655 4815 phuteisqve
671 4733 706 4784 v.
724 4703 812 4801 Joh.
827 4705 990 4784 Conrad.
1001 4711 1117 4806 Peyer
1135 4702 1180 4782 de
1197 4704 1367 4787 Glandul.
1378 4702 1728 4806 inrestaurata.

431 4844 503 4928 up.
505 4847 536 4912 5.
551 4829 592 4900 in
602 4818 808 4899 Bibliothcc.
823 4840 931 4899 anat.
944 4829 1042 4898 Part.
1052 4846 1076 4899 1.
1083 4820 1156 4927 fol.
1165 4847 1280 4900 mnu.
1307 4826 1441 4902 Certos
1460 4843 1587 4900 autem
1604 4817 1725 4903 Cibos

425 4940 681 5028 Excmnrentis
697 4934 900 5023 conciliare
918 4961 1096 5042 putorem
1112 4965 1146 5016 v.
1157 4963 1192 5040 g.
1208 4934 1578 5043 alliuttupoma,Ova,
1594 4962 1726 5042 capas,

418 5054 661 5170 raplurruun,
685 5079 855 5162 napum,
878 5051 1117 5161 plebeiorum
1144 5054 1271 5134 firmat
1296 5055 1552 5161 experientiaa
1584 5057 1726 5160 paritet

1028 5167 1108 5254 Hh
1128 5166 1196 5253 hh
1233 5193 1256 5278 3
1477 5254 1482 5261 ,
1602 5210 1607 5219 ⁸
1664 5174 1725 5253 uti·
