4584 6767
726 1278 806 1409 oa
843 1254 1390 1369 cararrrcarrour.
1636 1290 1731 1407 '425

421 1420 1719 1457 m

413 1510 518 1589 res,
543 1509 644 1601 qvos
670 1502 868 1593 propotu
893 1478 1133 1587 assumimus,
1159 1484 1411 1592 digestionem
1424 1489 1617 1572 -llomachi
1639 1518 1733 1601 pra·

412 1604 544 1709 fleat,
573 1601 634 1687 illa
658 1597 856 1711 potulenta
874 1599 921 1685 ad
941 1596 1039 1685 hanc
1058 1598 1253 1686 aslionem
1272 1606 1578 1715 promovendam
1591 1609 1730 1696 idonea

422 1721 594 1826 iudicat,
621 1742 702 1833 qva
719 1714 869 1803 summi:
893 1718 1008 1804 fluida
1031 1725 1216 1832 omniqve
1234 1723 1443 1817 viscitfitate
1464 1730 1632 1833 expertia
1649 1733 1731 1812 exi-

431 1836 526 1922 llum
533 1842 661 1945 ,inter
673 1862 754 1950 qva
766 1832 867 1947 aquai
878 1834 1001 1919 nullus
1018 1839 1265 1920 commodior
1287 1840 1397 1922 datur
1409 1838 1543 1951 liqvor.
1598 1848 1731 1959 Qvan-

443 1973 539 2058 qvam
550 1980 681 2039 autem
698 1953 868 2067 quadam
882 1953 1078 2062 spirituosa
1095 1954 1133 2035 dt
1150 1956 1328 2061 generosa
1345 1956 1543 2066 potulenta
1550 1958 1733 2046 ciborum

450 2066 666 2157 maantam
682 2092 903 2187 penetrent,
929 2067 1045 2153 talem
1062 2093 1190 2153 tamen
1202 2069 1283 2155 hac
1306 2072 1498 2183 possidere·
1513 2074 1620 2161 simul
1640 2079 1734 2165 dicit
1872 2106 1882 2177 r

456 2187 666 2296 utilitatem,
691 2214 771 2299 qva
784 2209 931 2271 tantum
952 2183 1064 2289 abfit,
1091 2208 1135 2268 ut
1147 2188 1399 2294 digestionem
1411 2216 1732 2299 promoveantur

455 2307 585 2389 endem
598 2297 732 2415 potiits
748 2300 942 2419 insigniter
956 2301 1235 2400 sufflaminent3
1264 2303 1318 2389 ob
1341 2305 1505 2390 validam
1520 2313 1628 2393 enim
1649 2304 1731 2397 vim

452 2421 684 2525 malvam,
713 2417 788 2533 qvi
805 2421 989 2526 gaudent,
1014 2424 1136 2527 magis
1163 2446 1208 2503 ea
1234 2421 1439 2506 moleculas
1460 2423 1730 2512 alimentorum

448 2537 702 2623 mmbinare&
718 2536 913 2641 indurare,
937 2531 1054 2648 quim
1071 2560 1116 2619 ut
1129 2537 1283 2620 easdem
1303 2537 1513 2627 dissociem.
1570 2542 1731 2629 Etsrvel
1799 2606 1805 2621 .

442 2652 593 2741 urrini
609 2655 861 2763 digestionem
875 2653 1100 2765 qvandoqve
1122 2654 1300 2757 adjuvare
1320 2654 1590 2761 observentur,
1614 2662 1655 2744 id
1673 2686 1729 2744 ta·
1822 2654 1827 2669 '

399 2858 401 2867 ,
440 2794 510 2857 nen
527 2798 613 2857 uon
630 2770 807 2855 alimenta
820 2768 1076 2870 dissolvendo,
1105 2764 1221 2881 qvitn
1233 2774 1730 2861 tunicasVentriculiadva·

399 2872 408 2995 ’ζ
438 2882 529 2977 Ηίὺε
542 2886 789 2973 subeundam
804 2883 1109 2970 contraslionem
1122 2890 1306 2971 irritando
1318 2889 1493 2983 efficeres
1519 2890 1671 3005 hocqve
1688 2899 1729 2977 in

399 3052 412 3085 r.
444 3006 507 3093 usn
519 3033 609 3092 non
622 3002 748 3088 solum
762 3004 954 3112 proficua,
975 3003 1040 3087 sed
1058 3000 1225 3087 maximi
1237 3004 1435 3089 necessaria
1456 3003 1543 3090 sore
1560 3010 1634 3091 &o
1650 3017 1729 3093 An·

399 3136 401 3155 '
426 3176 429 3185 ·
450 3140 650 3209 martem
670 3119 771 3204 atali
791 3116 947 3203 fortiori
955 3124 1177 3205 tunicarum
1199 3121 1414 3205 ventriculi
1434 3122 1731 3243 Contraslione,

450 3260 507 3349 ag
522 3236 541 3325 s
555 3241 708 3349 Spiritu
722 3239 811 3319 Vini
821 3235 886 3319 vel
898 3231 1001 3322 Vinci
1012 3233 1253 3344 generosore
1263 3236 1456 3323 ilimulati
1464 3302 1476 3342 ,
1494 3238 1581 3324 Cibi
1592 3241 1729 3325 assumi

441 3360 500 3465 sl,
518 3360 567 3443 ad
580 3378 754 3469 qvorum
768 3351 1078 3438 Concoslione‘m
1092 3378 1195 3436 certa
1217 3380 1326 3438 mora
1340 3359 1559 3467 requiritur,
1572 3350 1729 3442 e6cele·

399 3542 403 3565 .
440 3464 499 3559 riis
513 3498 632 3587 atqve
648 3472 825 3554 nondum
840 3466 939 3552 bene
952 3470 1083 3576 digesti
1096 3497 1145 3551 ex
1159 3467 1384 3554 Ventriculti
1399 3471 1445 3554 ad
1458 3474 1730 3583 Intestinapro·

399 3602 401 3627 ⁵
447 3588 622 3695 klanmr,
632 3611 743 3698 atqve
750 3613 905 3695 pravam
920 3584 1252 3689 Chylilicationem
1265 3588 1474 3692 causentur,
1487 3616 1567 3671 non
1579 3590 1729 3672 dubito

493 3820 666 3932 Pleriqve
680 3840 808 3900 autem
818 3821 1076 3900 recentiorum
1086 3814 1417 3921 Chylificationcm
1439 3849 1517 3903 non
1531 3848 1598 3929 per
1612 3820 1786 3927 elien-per
1799 3848 1935 3904 marana

398 4028 402 4043 Ι
447 3934 548 4020 tialem
563 3936 755 4049 quandam
769 3940 1147 4035 transmutationem,
1165 3934 1227 4014 sed
1241 3961 1307 4039 por
1323 3962 1465 4019 meram
1480 3938 1728 4020 secretionem
1798 3953 1871 3992 '¹⁰¹¹-

450 4046 496 4134 [ω
509 4050 799 4155 massionem,
815 4051 1023 4162 &quidem
1039 4053 1228 4133 mediante
1244 4049 1349 4133 certti
1361 4079 1469 4163 atqve
1492 4082 1582 4134 cum
1607 4056 1727 4138 Sallu-i

451 4177 678 4253 conveniente
698 4166 845 4280 liqvore
869 4163 1030 4274 inspidd
1061 4167 1119 4249 vel
1150 4164 1309 4248 subsalsi)
1328 4170 1473 4279 (qvem
1487 4174 1726 4253 Menstruunr

414 4364 416 4369 .
449 4288 627 4371 universale
645 4282 800 4392 dicunt)
812 4310 860 4366 ex
872 4282 1056 4392 glandulis
1067 4280 1278 4366 Ventriculi
1294 4283 1469 4387 stillante,
1496 4288 1579 4368 ficri
1595 4287 1725 4370 desen·

448 4398 545 4505 dunt,
567 4400 675 4513 aiqvi
694 4427 822 4484 tamen
834 4399 1068 4484 extraslione
1085 4427 1208 4510 neqve
1226 4398 1523 4512 silivarmnrqve
1537 4403 1725 4505 calorem,

444 4542 499 4602 nec
513 4518 721 4602 Ventriculi
734 4543 887 4601 motum
902 4514 1229 4618 constrisiorium,
1259 4523 1490 4600 attritionem
1502 4546 1546 4602 ac
1559 4546 1727 4602 macera·

397 4694 400 4703 ‚
433 4640 573 4720 tionem
592 4630 751 4718 minimi:
766 4632 982 4717 excludunt.
1037 4638 1160 4746 lnqvit
1186 4632 1326 4716 scilicet
1342 4635 1533 4734 Johanncs
1552 4636 1728 4718 Bohnius

437 4754 504 4836 sa.
515 4778 552 4863 p.
569 4780 648 4849 147.
672 4751 973 4854 Chylificationis
1004 4748 1274 4835 formositatem
1308 4780 1387 4834 non
1414 4757 1727 4834 transmutatione

434 4875 586 4982 qradam
606 4869 769 4972 absolvi,
795 4869 858 4951 sed
875 4867 1070 4951 consistere
1088 4867 1189 4950 illam
1206 4866 1390 4976 primarii>
1408 4866 1673 4950 &immediati
1690 4872 1730 4947 in

429 4986 578 5101 liqvoris
594 4984 794 5070 ventriculi
812 5014 903 5067 cum
923 4985 1114 5094 particulis
1130 4983 1397 5068 alimentorum
1413 4981 1658 5066 laudabilium
1668 4983 1734 5065 seu

427 5132 685 5219 congruarum
699 5101 1001 5219 *combinatione
1022 5103 1086 5185 seu
1112 5099 1339 5305 εάὲιὲὶὶοῃε,
1369 5103 1472 5216 qvod
1500 5097 1735 5302 extrfaslugn,

1097 5224 1139 5303 H
1546 5245 1567 5301 a
1596 5221 1659 5300 aci
1688 5242 1731 5301 us

1819 2418 1834 2457 ἱ
