4584 6767
491 1320 493 1331 ,
535 1232 604 1323 nr
630 1203 786 1323 mida
808 1221 1215 1321 turns-cruorum
1238 1177 1566 1321 rxrtusrour.
1604 1255 1720 1352 543

411 1436 578 1525 patrone
601 1438 786 1545 pertinaci
803 1432 1123 1549 conquerebatur,
1152 1435 1289 1550 qvibus
1315 1435 1637 1547 symptomatibus
1662 1439 1724 1523 sa·

422 1548 569 1637 rium&
592 1550 850 1636 suffocationis
870 1577 996 1637 metus
1017 1553 1314 1661 superveniebat.
1383 1557 1527 1640 Primis·
1544 1557 1723 1666 eqvidem

432 1644 558 1774 alrpsu
574 1666 711 1753 diebus
726 1667 832 1752 alvus
849 1668 1077 1772 clysteribus
1106 1670 1292 1754 stimulata
1312 1668 1587 1779 respondebat,
1617 1673 1721 1780 post·

438 1786 583 1867 1ludum
599 1779 694 1868 verb
716 1810 839 1897 neqve
863 1789 994 1887 flatus,
1023 1813 1145 1896 neqve
1167 1784 1273 1872 feces
1296 1813 1364 1894 per
1380 1793 1560 1871 Euemata
1574 1788 1632 1871 vel
1649 1786 1720 1873 alia

429 1886 699 1985 Medicamenta
720 1904 866 1985 interna
887 1905 1090 2008 provocari
1105 1900 1165 1997 vel
1189 1904 1302 1987 educi
1325 1927 1520 2010 poterant,
1549 1908 1721 2016 qvamvis

442 2016 531 2097 marn
550 2042 625 2125 pro
639 2016 792 2100 meliori
812 2017 1021 2122 Clysterum
1033 2016 1437 2125 operationetubulus
1462 2020 1721 2103 extraordina-

435 2132 483 2211 tit
497 2130 746 2239 longitudinis
765 2132 1045 2243 applicaretur3
1072 2157 1116 2217 ut
1141 2138 1194 2218 ita
1208 2131 1331 2218 didius
1352 2141 1496 2219 Comes
1511 2161 1559 2225 ex
1579 2127 1722 2235 nimii,

428 2244 586 2359 iuaeqvali
599 2272 738 2350 tamen,
747 2247 962 2332 abdominis
977 2247 1263 2333 intumescendi
1274 2252 1360 2359 poli
1373 2248 1515 2361 aliquot
1528 2244 1721 2358 dies'qvali

421 2360 675 2447 suffocaretur.
728 2368 888 2467 lncujus
904 2360 1062 2448 diisedld
1077 2363 1284 2449 abdomine
1297 2371 1444 2463 ratione
1458 2362 1721 2449 ventriculi&

418 2482 685 2563 intestinorum
700 2477 885 2590 sequentia
903 2478 1097 2580 observata
1115 2481 1227 2588 digna
1246 2480 1524 2587 occurrebam:
1560 2452 1736 2593 Olden-⁵

414 2594 574 2679 tricolus
593 2622 674 2678 non
692 2600 733 2676 in
749 2595 816 2679 situ
843 2591 1025 2681 consvetd
1040 2658 1053 2699 ,
1066 2596 1144 2680 sub
1162 2597 1444 2706 diaphragmate
1463 2590 1719 2699 transreriim,

411 2710 474 2797 ud
502 2710 687 2794 deorsum
702 2707 830 2804 versio
856 2712 966 2820 super
983 2716 1168 2797 intestinis
1197 2712 1433 2797 tenuioribus
1450 2712 1543 2796 ultra
1561 2706 1718 2791 umbili-

411 2852 505 2913 cum
535 2827 576 2907 dc
600 2825 727 2909 versus
758 2826 1060 2935 hypogassricam
1093 2827 1223 2913 sinistri
1248 2828 1372 2913 lateris
1388 2832 1587 2935 regionem
1603 2823 1717 2911 ficum

413 2940 524 3027 suum
536 2940 714 3025 habebat.
757 2944 809 3049 2)
825 2945 1010 3043 Intestina,
1022 2938 1108 3026 aliis
1129 2948 1257 3028 tenuia
1271 2943 1394 3048 dicia,
1410 2942 1717 3027 admodmodum

423 3082 517 3153 emt
534 3060 679 3160 inflata,
694 3064 866 3142 uterium
882 3055 1094 3161 brachium,
1116 3087 1196 3142 non
1212 3062 1423 3143 admodum
1437 3058 1719 3158 crassum,circa

427 3178 516 3283 carpi
531 3178 757 3280 regionem,
782 3198 978 3285 aequarent.
1039 3175 1090 3281 3)
1104 3179 1325 3260 intestinum
1339 3177 1466 3258 Colon
1485 3170 1732 3256 incredibili--
1785 3196 1790 3211 ²

399 3328 403 3335 ·
421 3284 570 3398 tersere
585 3290 786 3381 distentum
800 3316 899 3391 erat,
927 3286 1110 3399 liqvident
1127 3295 1166 3371 in
1183 3286 1451 3399 dextrdlatere
1471 3289 1519 3371 ab
1536 3283 1716 3371 lnteuind

423 3402 540 3515 αωοβ,
568 3403 633 3487 seu
650 3400 822 3513 processu
834 3403 1086 3489 Vermisormi
1102 3411 1241 3514 pariter
1254 3399 1419 3491 nimibm
1435 3394 1717 3504 inflatb,ascen-

424 3516 506 3603 'ders
519 3517 665 3603 duabus
677 3520 872 3628 spithamis
885 3520 1162 3629 comprehendi
1178 3551 1257 3606 non
1269 3546 1440 3632 poterat,
1467 3519 1718 3603 nihilominus

429 3635 466 3715 ad
474 3635 714 3744 diaphragma
724 3638 918 3739 accedent,
935 3637 1283 3746 taliterexpansum,
1293 3666 1421 3723 totum
1431 3662 1557 3721 totum
1570 3632 1638 3716 sub
1649 3661 1717 3741 pe·

433 3745 522 3834 dore
541 3754 580 3835 dt
595 3750 720 3836 sterub
737 3759 787 3835 ita
802 3751 991 3855 latitabat,
1020 3780 1075 3854 ut,
1093 3779 1290 3866 anteqvanr
1304 3762 1343 3838 vi
1357 3754 1651 3863 protraheretur,
1665 3777 1717 3833 ne

436 3868 597 3951 tantillum
616 3871 771 3980 qvidem
791 3870 905 3970 hujus
927 3872 1092 3952 Intestini
1110 3869 1377 3979 conspedluise
1393 3874 1568 3970 offerret,
1596 3893 1716 3976 usqve

439 3978 509 4064 dum
532 3992 571 4066 in
585 3985 698 4067 latere
722 3978 866 4069 smillrb
888 3980 1015 4066 denub
1032 3983 1166 4068 eidem
1191 3989 1229 4068 dc
1246 3985 1325 4071 ferd
1344 3991 1480 4090 majori
1496 3982 1717 4069 dilatatione

439 4094 552 4183 'rerum
570 4127 751 4208 apparens
766 4101 891 4182 versus
912 4103 1131 4183 intestinum
1153 4102 1303 4186 redium
1329 4104 1589 4202 descenderet,
1613 4103 1716 4183 circa

436 4235 530 4323 prem
545 4215 678 4298 locum
697 4216 946 4322 ligamentum
970 4216 1032 4298 scu
1047 4219 1243 4300 vinculum
1259 4218 1365 4321 Coli,
1380 4220 1550 4322 ejusdem
1566 4213 1717 4298 cellulas

399 4388 405 4449 .·
419 4326 567 4416 'firmans
584 4334 621 4414 dt
639 4338 858 4435 continens,
885 4360 986 4443 aeqve
1005 4361 1048 4415 ac
1067 4337 1105 4414 in
1121 4333 1418 4439 Observatione,
1434 4327 1555 4417 modb
1572 4360 1618 4412 ex
1627 4337 1713 4413 Do·

423 4446 559 4531 minicd
577 4445 760 4532 Panarold
775 4447 950 4553 allegati,
981 4448 1144 4532 laxatum
1169 4450 1461 4558 veldisruptum
1477 4474 1578 4540 erat3
1612 4447 1716 4530 unde

417 4562 559 4649 dicium
575 4566 793 4646 intestinum
817 4563 958 4645 ibidem
975 4562 1070 4646 adeb
1091 4565 1392 4668 distendebatur,
1422 4591 1464 4649 ut
1485 4570 1595 4650 instar
1617 4560 1715 4643 tibiae

408 4680 624 4767 utricularis
638 4677 686 4762 ab
701 4678 761 4760 illi
775 4683 939 4762 lutcllini
958 4677 1052 4783 retii
1067 4707 1172 4789 parte
1184 4682 1248 4766 scu
1264 4678 1473 4791 principib,
1489 4708 1605 4794 usqve
1618 4676 1714 4763 ultra

404 4797 655 4891 Uurbilicum
671 4796 708 4876 ἃ
722 4796 767 4876 ad
780 4798 1039 4906 Epatisusqhe
1061 4802 1260 4903 regionem
1283 4824 1505 4893 recurreret.
1559 4805 1602 4879 Et
1624 4787 1711 4877 saud

398 4912 574 5004 dubium
592 4913 690 4995 mihi
704 4940 783 4994 non
798 4914 868 5013 cst,
897 4911 1007 4993 talem
1029 4910 1222 5018 ligamenti
1240 4913 1467 4997 laxationem
1488 4911 1550 4996 uel
1577 4932 1711 5019 ruptu-

398 5061 487 5123 ram
509 5027 649 5121 §Casu
666 5025 714 5112 ab
731 5023 829 5143 equ
850 5052 976 5114 ortam
995 5032 1036 5113 iu
1055 5028 1165 5118 cauli
1184 5029 1313 5135 suille,
1341 5025 1443 5146 qvbd
1461 5027 1484 5155 ᾗ
1511 5024 1615 5117 diuo
1631 5029 1711 5162 Cp·

685 5182 689 5186 '
899 5182 904 5187 '
1621 5166 1715 5233 nure
