4584 6767
862 1164 899 1250 p.
906 1158 979 1233 382·
1036 1147 1297 1217 Nobilissimus
1316 1147 1447 1240 Eques,
1476 1145 1893 1235 caronis-Navolanus,
1907 1144 1958 1236 jar

864 1254 1093 1337 constitutus
1115 1247 1186 1330 alvi
1201 1246 1499 1354 suppressionem
1519 1251 1701 1349 incurrit,
1723 1272 1838 1357 qvam
1855 1274 1955 1357 nequ

868 1370 1019 1468 mentis,
1034 1361 1296 1462 necClylleriis
1311 1362 1437 1447 arcere
1452 1384 1627 1470 poterant
1641 1364 1797 1465 Medici,
1815 1368 1878 1476 qvi
1893 1375 1958 1471 pol

869 1485 1086 1569 Intestinum
1109 1476 1260 1562 rcflum
1282 1483 1323 1559 in
1345 1504 1450 1586 parte
1471 1478 1654 1585 superiori
1674 1480 1725 1560 ita
1748 1505 1818 1588 per
1838 1481 1951 1586 digiti

867 1598 1146 1704 longitudinem
1157 1592 1310 1676 coivilie
1325 1620 1369 1677 ac
1389 1593 1563 1677 coaluisse
1579 1599 1818 1697 invenerunt,
1835 1621 1877 1678 ut
1893 1598 1958 1678 vix

866 1710 1030 1802 funiculi
1045 1711 1323 1794 cralsrtudinem
1343 1734 1526 1820 aqvaret,
1553 1713 1653 1792 ntrin
1681 1738 1729 1795 ve
1752 1715 1791 1792 in
1814 1712 1958 1793 confini

869 1827 1039 1941 panibus
1053 1833 1092 1909 in
1105 1827 1506 1937 tumorem-qvendam
1519 1824 1636 1907 veluti
1644 1738 1909 1935 glandulosum
1921 1826 1958 1910 el

870 1942 1185 2032 MarcellDonat.
1193 1942 1239 2022 de
1253 1942 1380 2023 Medic.
1395 1940 1520 2048 Histra.
1537 1938 1668 2023 αἰνή.
1683 1938 1806 2038 ΠΜ.
1820 1965 1896 2051 cap.
1907 1969 1953 2029 ro.

870 2057 1050 2149 Monialis
1064 2059 1263 2161 cujusdam
1284 2059 1321 2139 δι
1341 2056 1466 2140 alvum
1479 2082 1559 2139 non
1581 2055 1647 2140 nifi
1661 2055 1814 2142 decimo
1839 2084 1958 2171 qvoqt

872 2179 995 2262 dentis
1017 2176 1190 2259 Intestina
1214 2172 1343 2256 altiore
1357 2168 1459 2255 collo
1476 2171 1674 2257 constristo
1687 2170 1783 2257 adei)
1805 2176 1958 2281 angusta

873 2290 1103 2403 linqvebant,
1118 2314 1161 2372 ut
1186 2287 1418 2392 dejectiones
1440 2282 1536 2395 agri
1554 2292 1755 2371 transmitti
1768 2290 1958 2399 polleant

871 2406 939 2495 niti
950 2404 1158 2493 Beniveniti
1171 2403 1254 2512 obst
1266 2404 1434 2486 medicin.
1450 2427 1525 2508 cap.
1530 2430 1592 2501 34.
1597 2426 1633 2511 p.
1643 2420 1712 2495 ιη.
1713 2406 1796 2517 seq.
1851 2400 1958 2515 lano]

635 2622 638 2629 ,
696 2522 816 2588 “¹¹³1‘·
872 2528 1140 2611 Intestinorum
1154 2519 1338 2604 coalitum
1353 2518 1566 2602 observavit
1574 2519 1767 2617 lohannes
1784 2518 1958 2605 Rhodius

874 2640 958 2751 obfi
959 2656 1012 2731 82.
1019 2660 1055 2748 p.
1061 2665 1112 2734 95.
1129 2636 1279 2720 Scilicet
1290 2633 1407 2718 Militi
1418 2636 1571 2719 cuidam
1584 2640 1726 2719 Patavii
1742 2632 1958 2744 nyseoteril

873 2752 1015 2845 moturi
1042 2758 1234 2864 utriusque
1249 2750 1370 2834 lateris
1391 2748 1547 2834 ulcerati
1570 2750 1944 2839 contatlu'lntestina

873 2876 977 2958 unde
989 2877 1131 2954 Venter
1143 2866 1352 2977 suppressus
1363 2868 1517 2950 tandem
1539 2892 1710 2953 mortem
1730 2872 1878 2953 accivit.
1905 2898 1958 2955 vn

871 2989 1133 3075 Beniven.l.ae.
1146 3008 1221 3093 cap.
1229 3009 1281 3079 3²·
1287 3006 1323 3092 p.
1331 2998 1409 3080 184.
1413 2985 1494 3095 seq.
1549 2991 1652 3094 Saepc
1667 2987 1782 3067 etiarn
1797 2985 1958 3094 plenaria

804 3108 823 3131 ‘'
870 3102 965 3189 rolli
984 3102 1141 3185 coalitus
1169 3101 1312 3212 alvique
1334 3101 1560 3209 constipatio
1576 3102 1766 3204 occurrit,
1797 3106 1849 3186 ita
1867 3126 1911 3207 ut
1926 3131 1958 3187 et

871 3247 940 3331 per
961 3218 1068 3302 aliam
1087 3223 1191 3303 viam
1210 3241 1436 3331 egerantur,
1463 3218 1512 3304 de
1531 3216 1605 3331 qva
1625 3220 1847 3303 excretione
1869 3216 1958 3329 paul

871 3360 1039 3446 agemus.

666 3567 828 3665 Nimim·
969 3566 1093 3648 Nimis
1115 3588 1270 3648 econtra
1292 3565 1543 3663 expansorum
1565 3566 1835 3650 intestinorum
1869 3596 1958 3653 exer
